[gd_scene load_steps=21 format=2]

[ext_resource path="res://Stages/Stage1/CtrlRm.gd" type="Script" id=1]
[ext_resource path="res://Stages/Stage1/Tileset/tileset1.res" type="TileSet" id=2]
[ext_resource path="res://Stages/Stage1/Tileset/itequip.tres" type="TileSet" id=3]
[ext_resource path="res://Stages/Stage1/sprite/computer/tile010.png" type="Texture" id=4]
[ext_resource path="res://Stages/Stage1/sprite/computer/tile002.png" type="Texture" id=5]
[ext_resource path="res://Stages/Stage1/sprite/computer/tile005.png" type="Texture" id=6]
[ext_resource path="res://Stages/Stage1/sprite/computer/tile008.png" type="Texture" id=7]
[ext_resource path="res://Stages/Stage1/sprite/computer/tile011.png" type="Texture" id=8]
[ext_resource path="res://Stages/Stage1/Tileset/tiles1.png" type="Texture" id=9]
[ext_resource path="res://Stages/Stage1/Tileset/weak-update.png" type="Texture" id=10]
[ext_resource path="res://Stages/Stage1/lightShader/light.jpg" type="Texture" id=11]
[ext_resource path="res://UniversalObjs/Interactable.tscn" type="PackedScene" id=12]
[ext_resource path="res://Character/Nichole.tscn" type="PackedScene" id=13]
[ext_resource path="res://Stages/Stage1/Tileset/compute.png" type="Texture" id=14]
[ext_resource path="res://UniversalObjs/Entrance.tscn" type="PackedScene" id=15]
[ext_resource path="res://Stages/Stage1/TransEffect/Fade.tscn" type="PackedScene" id=16]
[ext_resource path="res://UniversalObjs/PauseScreen.tscn" type="PackedScene" id=17]




[sub_resource type="SpriteFrames" id=1]

animations = [ {
"frames": [ ExtResource( 4 ), ExtResource( 5 ), ExtResource( 6 ), ExtResource( 7 ), ExtResource( 8 ) ],
"loop": true,
"name": "default",
"speed": 5.0
} ]

[sub_resource type="SpriteFrames" id=2]

animations = [ {
"frames": [  ],
"loop": true,
"name": "default",
"speed": 5.0
} ]

[sub_resource type="Animation" id=3]

length = 0.9
loop = true
step = 0.05
tracks/0/type = "value"
tracks/0/path = NodePath("Lights/Light2D4:position")
tracks/0/interp = 1
tracks/0/loop_wrap = true
tracks/0/imported = false
tracks/0/enabled = true
tracks/0/keys = {
"times": PoolRealArray( 0, 0.3, 0.6, 0.9 ),
"transitions": PoolRealArray( 1, 1, 1, 1 ),
"update": 1,
"values": [ Vector2( 487.664, 225.542 ), Vector2( 488.475, 226.465 ), Vector2( 491.109, 226.465 ), Vector2( 491.911, 227.02 ) ]
}
tracks/1/type = "value"
tracks/1/path = NodePath("Lights/Light2D4:scale")
tracks/1/interp = 1
tracks/1/loop_wrap = true
tracks/1/imported = false
tracks/1/enabled = true
tracks/1/keys = {
"times": PoolRealArray( 0, 0.3, 0.6, 0.9 ),
"transitions": PoolRealArray( 1, 1, 1, 1 ),
"update": 1,
"values": [ Vector2( 0.0525203, -0.0459902 ), Vector2( 0.082814, -0.0459902 ), Vector2( 0.102227, -0.0459902 ), Vector2( 0.131114, -0.081531 ) ]
}

[node name="Node" type="Node2D"]

modulate = Color( 0.207843, 0.207843, 0.207843, 1 )
script = ExtResource( 1 )
_sections_unfolded = [ "Visibility" ]

[node name="MapObjectLayer" type="Node2D" parent="." index="0"]

editor/display_folded = true
position = Vector2( 310, 141 )
_sections_unfolded = [ "Visibility" ]

[node name="TileMap" type="TileMap" parent="MapObjectLayer" index="0"]

modulate = Color( 0.501961, 0.498039, 0.580392, 0.45098 )
position = Vector2( -310, -141 )
mode = 0
tile_set = ExtResource( 2 )
cell_size = Vector2( 32, 32 )
cell_quadrant_size = 16
cell_custom_transform = Transform2D( 1, 0, 0, 1, 0, 0 )
cell_half_offset = 2
cell_tile_origin = 0
cell_y_sort = false
cell_clip_uv = false
collision_use_kinematic = false
collision_friction = 1.0
collision_bounce = 0.0
collision_layer = 1
collision_mask = 1
occluder_light_mask = 1
format = 1
tile_data = PoolIntArray( 262153, 5, 0, 262154, 5, 0, 262155, 5, 0, 262156, 5, 0, 262157, 5, 0, 262158, 5, 0, 262159, 5, 0, 262160, 5, 0, 262161, 5, 0, 262162, 5, 0, 262163, 5, 0, 262164, 5, 0, 262165, 5, 0, 262166, 5, 0, 327689, 5, 0, 327690, 5, 0, 327691, 5, 0, 327692, 5, 0, 327693, 5, 0, 327694, 5, 0, 327695, 5, 0, 327696, 5, 0, 327697, 5, 0, 327698, 5, 0, 327699, 5, 0, 327700, 5, 0, 327701, 5, 0, 327702, 5, 0, 393225, 5, 0, 393226, 5, 0, 393227, 5, 0, 393228, 5, 0, 393229, 5, 0, 393230, 5, 0, 393231, 5, 0, 393232, 5, 0, 393233, 5, 0, 393234, 5, 0, 393235, 5, 0, 393236, 5, 0, 393237, 5, 0, 393238, 5, 0, 458761, 5, 0, 458762, 5, 0, 458763, 5, 0, 458764, 5, 0, 458765, 5, 0, 458766, 5, 0, 458767, 5, 0, 458768, 5, 0, 458769, 5, 0, 458770, 5, 0, 458771, 5, 0, 458772, 5, 0, 458773, 5, 0, 458774, 5, 0 )
_sections_unfolded = [ "Cell", "Visibility" ]
__meta__ = {
"_edit_lock_": true
}

[node name="TileMap3" type="TileMap" parent="MapObjectLayer" index="1"]

modulate = Color( 0.231373, 0.219608, 0.423529, 1 )
position = Vector2( -310, -141 )
mode = 0
tile_set = ExtResource( 2 )
cell_size = Vector2( 32, 32 )
cell_quadrant_size = 16
cell_custom_transform = Transform2D( 1, 0, 0, 1, 0, 0 )
cell_half_offset = 2
cell_tile_origin = 0
cell_y_sort = false
cell_clip_uv = false
collision_use_kinematic = false
collision_friction = 1.0
collision_bounce = 0.0
collision_layer = 1
collision_mask = 1
occluder_light_mask = 1
format = 1
tile_data = PoolIntArray( 524297, 0, 0, 524298, 0, 0, 524299, 0, 0, 524300, 0, 0, 524301, 0, 0, 524302, 0, 0, 524303, 0, 0, 524304, 0, 0, 524305, 0, 0, 524306, 0, 0, 524307, 0, 0, 524308, 0, 0, 524309, 0, 0, 524310, 0, 0, 589833, 0, 0, 589834, 0, 0, 589835, 0, 0, 589836, 0, 0, 589837, 0, 0, 589838, 0, 0, 589839, 0, 0, 589840, 0, 0, 589841, 0, 0, 589842, 0, 0, 589843, 0, 0, 589844, 0, 0, 589845, 0, 0, 589846, 0, 0, 655369, 0, 0, 655370, 0, 0, 655371, 0, 0, 655372, 0, 0, 655373, 0, 0, 655374, 0, 0, 655375, 0, 0, 655376, 0, 0, 655377, 0, 0, 655378, 0, 0, 655379, 0, 0, 655380, 0, 0, 655381, 0, 0, 655382, 0, 0, 720905, 0, 0, 720906, 0, 0, 720907, 0, 0, 720908, 0, 0, 720909, 0, 0, 720910, 0, 0, 720911, 0, 0, 720912, 0, 0, 720913, 0, 0, 720914, 0, 0, 720915, 0, 0, 720916, 0, 0, 720917, 0, 0, 720918, 0, 0, 786441, 0, 0, 786442, 0, 0, 786443, 0, 0, 786444, 0, 0, 786445, 0, 0, 786446, 0, 0, 786447, 0, 0, 786448, 0, 0, 786449, 0, 0, 786450, 0, 0, 786451, 0, 0, 786452, 0, 0, 786453, 0, 0, 786454, 0, 0, 851977, 0, 0, 851978, 0, 0, 851979, 0, 0, 851980, 0, 0, 851981, 0, 0, 851982, 0, 0, 851983, 0, 0, 851984, 0, 0, 851985, 0, 0, 851986, 0, 0, 851987, 0, 0, 851988, 0, 0, 851989, 0, 0, 851990, 0, 0, 917513, 0, 0, 917514, 0, 0, 917515, 0, 0, 917516, 0, 0, 917517, 0, 0, 917518, 0, 0, 917519, 0, 0, 917520, 0, 0, 917521, 0, 0, 917522, 0, 0, 917523, 0, 0, 917524, 0, 0, 917525, 0, 0, 917526, 0, 0 )
_sections_unfolded = [ "Cell", "Transform", "Visibility" ]
__meta__ = {
"_edit_lock_": true
}

[node name="TileMap4" type="TileMap" parent="MapObjectLayer" index="2"]

position = Vector2( -310, -141 )
mode = 0
tile_set = ExtResource( 3 )
cell_size = Vector2( 32, 32 )
cell_quadrant_size = 16
cell_custom_transform = Transform2D( 1, 0, 0, 1, 0, 0 )
cell_half_offset = 2
cell_tile_origin = 0
cell_y_sort = false
cell_clip_uv = false
collision_use_kinematic = false
collision_friction = 1.0
collision_bounce = 0.0
collision_layer = 1
collision_mask = 1
occluder_light_mask = 1
format = 1
tile_data = PoolIntArray( 327690, 19, 0, 327695, 14, 0, 327697, 15, 0, 327698, 15, 0, 327702, 18, 0, 393231, 3, 0, 458762, 20, 0, 589833, 17, 0, 589844, 13, 0, 589845, 13, 0, 589846, 13, 0, 655370, 28, 0, 655380, 13, 0, 655381, 13, 0, 655382, 13, 0, 720916, 13, 0, 720917, 13, 0, 720918, 13, 0, 786452, 13, 0, 786453, 13, 0, 786454, 13, 0, 851988, 13, 0, 851989, 13, 0, 851990, 13, 0 )
_sections_unfolded = [ "Cell" ]
__meta__ = {
"_edit_lock_": true
}

[node name="TileMap5" type="TileMap" parent="MapObjectLayer" index="3"]

position = Vector2( -2, 0 )
mode = 0
tile_set = ExtResource( 3 )
cell_size = Vector2( 10, 10 )
cell_quadrant_size = 16
cell_custom_transform = Transform2D( 1, 0, 0, 1, 0, 0 )
cell_half_offset = 2
cell_tile_origin = 0
cell_y_sort = false
cell_clip_uv = false
collision_use_kinematic = false
collision_friction = 1.0
collision_bounce = 0.0
collision_layer = 1
collision_mask = 1
occluder_light_mask = 1
format = 1
tile_data = PoolIntArray( 458766, 21, 0, 458773, 37, 0, 983072, 32, 0, 1441791, 32, 0, 1835047, 32, 0 )
_sections_unfolded = [ "Cell" ]
__meta__ = {
"_edit_lock_": true
}

[node name="TileMap2" type="TileMap" parent="MapObjectLayer" index="4"]

position = Vector2( -310, -141 )
mode = 0
tile_set = ExtResource( 2 )
cell_size = Vector2( 32, 32 )
cell_quadrant_size = 16
cell_custom_transform = Transform2D( 1, 0, 0, 1, 0, 0 )
cell_half_offset = 2
cell_tile_origin = 0
cell_y_sort = false
cell_clip_uv = false
collision_use_kinematic = false
collision_friction = 1.0
collision_bounce = 0.0
collision_layer = 1
collision_mask = 1
occluder_light_mask = 1
format = 1
tile_data = PoolIntArray( 262153, 23, 0, 262154, 24, 0, 262155, 24, 0, 262156, 24, 0, 262157, 24, 0, 262158, 24, 0, 262159, 24, 0, 262160, 24, 0, 262161, 24, 0, 262162, 24, 0, 262163, 24, 0, 262164, 24, 0, 262165, 24, 0, 262166, 25, 0, 327689, 26, 0, 327702, 27, 0, 393225, 26, 0, 393238, 27, 0, 458761, 26, 0, 458774, 27, 0, 524297, 26, 0, 524310, 27, 0, 589833, 26, 0, 589846, 27, 0, 655369, 26, 0, 655382, 27, 0, 720905, 26, 0, 720918, 27, 0, 786441, 26, 0, 786454, 27, 0, 851977, 26, 0, 851990, 27, 0, 917513, 28, 0, 917514, 29, 0, 917515, 29, 0, 917516, 29, 0, 917517, 29, 0, 917518, 29, 0, 917521, 29, 0, 917522, 29, 0, 917523, 29, 0, 917524, 29, 0, 917525, 29, 0, 917526, 30, 0 )
_sections_unfolded = [ "Cell" ]
__meta__ = {
"_edit_lock_": true
}

[node name="AnimatedSprite" type="AnimatedSprite" parent="MapObjectLayer" index="5"]

position = Vector2( 186, 99 )
frames = SubResource( 1 )
animation = "default"
frame = 4
playing = true

[node name="Sprite" type="Sprite" parent="MapObjectLayer" index="6"]

position = Vector2( 186, 121 )
texture = ExtResource( 9 )
region_enabled = true
region_rect = Rect2( 352, 96, 32, 32 )
_sections_unfolded = [ "Region" ]

[node name="Sprite2" type="Sprite" parent="MapObjectLayer" index="7"]

position = Vector2( 326, 95 )
scale = Vector2( 0.8125, 0.8125 )
texture = ExtResource( 10 )
region_enabled = true
region_rect = Rect2( 64, 96, 128, 96 )
_sections_unfolded = [ "Region" ]

[node name="AnimatedSprite2" type="AnimatedSprite" parent="MapObjectLayer" index="8"]

position = Vector2( 326, 95 )
scale = Vector2( 0.8125, 0.8125 )
frames = SubResource( 2 )
animation = "default"

[node name="Lights" type="Node" parent="." index="1"]

editor/display_folded = true

[node name="Light2D" type="Light2D" parent="Lights" index="0"]

position = Vector2( 512, 187 )
scale = Vector2( 2.7833, 1.56472 )
enabled = true
editor_only = false
texture = ExtResource( 11 )
offset = Vector2( 0, 0 )
texture_scale = 1.0
color = Color( 0.409149, 0.851562, 0.675288, 1 )
energy = 1.5
mode = 0
range_height = 0.0
range_z_min = -1024
range_z_max = 1024
range_layer_min = 0
range_layer_max = 0
range_item_cull_mask = 1
shadow_enabled = false
shadow_color = Color( 0, 0, 0, 0 )
shadow_buffer_size = 2048
shadow_gradient_length = 0.0
shadow_filter = 0
shadow_filter_smooth = 0.0
shadow_item_cull_mask = 1
__meta__ = {
"_edit_lock_": true
}

[node name="Light2D2" type="Light2D" parent="Lights" index="1"]

position = Vector2( 560, 192 )
scale = Vector2( 2.7833, 1.56472 )
enabled = true
editor_only = false
texture = ExtResource( 11 )
offset = Vector2( 0, 0 )
texture_scale = 1.0
color = Color( 0.409149, 0.851562, 0.675288, 1 )
energy = 1.5
mode = 0
range_height = 0.0
range_z_min = -1024
range_z_max = 1024
range_layer_min = 0
range_layer_max = 0
range_item_cull_mask = 1
shadow_enabled = false
shadow_color = Color( 0, 0, 0, 0 )
shadow_buffer_size = 2048
shadow_gradient_length = 0.0
shadow_filter = 0
shadow_filter_smooth = 0.0
shadow_item_cull_mask = 1
__meta__ = {
"_edit_lock_": true
}

[node name="Light2D3" type="Light2D" parent="Lights" index="2"]

position = Vector2( 592, 192 )
scale = Vector2( 2.7833, 1.56472 )
enabled = true
editor_only = false
texture = ExtResource( 11 )
offset = Vector2( 0, 0 )
texture_scale = 1.0
color = Color( 0.409149, 0.851562, 0.675288, 1 )
energy = 1.5
mode = 0
range_height = 0.0
range_z_min = -1024
range_z_max = 1024
range_layer_min = 0
range_layer_max = 0
range_item_cull_mask = 1
shadow_enabled = false
shadow_color = Color( 0, 0, 0, 0 )
shadow_buffer_size = 2048
shadow_gradient_length = 0.0
shadow_filter = 0
shadow_filter_smooth = 0.0
shadow_item_cull_mask = 1
__meta__ = {
"_edit_lock_": true
}

[node name="Light2D4" type="Light2D" parent="Lights" index="3"]

position = Vector2( 491.109, 226.465 )
rotation = -3.14159
scale = Vector2( 0.102227, -0.0459902 )
enabled = true
editor_only = false
texture = ExtResource( 11 )
offset = Vector2( 0, 0 )
texture_scale = 1.0
color = Color( 1, 0, 0, 1 )
energy = 3.44
mode = 0
range_height = 0.0
range_z_min = -1024
range_z_max = 1024
range_layer_min = 0
range_layer_max = 0
range_item_cull_mask = 1
shadow_enabled = false
shadow_color = Color( 0, 0, 0, 0 )
shadow_buffer_size = 2048
shadow_gradient_length = 0.0
shadow_filter = 0
shadow_filter_smooth = 0.0
shadow_item_cull_mask = 1
_sections_unfolded = [ "Transform" ]

[node name="Obstacles" type="StaticBody2D" parent="." index="2"]

input_pickable = false
collision_layer = 1
collision_mask = 1
constant_linear_velocity = Vector2( 0, 0 )
constant_angular_velocity = 0.0
friction = 1.0
bounce = 0.0

[node name="CollisionPolygon2D" type="CollisionPolygon2D" parent="Obstacles" index="0"]

build_mode = 0
polygon = PoolVector2Array( 480, 467, 295, 467, 295, 384, 323, 384, 329, 376, 329, 353, 342, 349, 346, 333, 320, 313, 302, 304, 295, 304, 295, 257, 320, 257, 320, 288, 352, 288, 352, 257, 448, 257, 448, 275, 480, 275, 512, 275, 528, 270, 549, 270, 549, 257, 599, 257, 599, 275, 618, 275, 618, 262, 624, 262, 659, 262, 659, 275, 678, 275, 678, 257, 729, 257, 729, 286, 640, 286, 640, 361, 647, 368, 703, 368, 703, 381, 647, 381, 640, 388, 640, 467, 544, 467, 544, 480, 736, 480, 736, 128, 288, 128, 288, 480, 480, 480 )

[node name="Interactable" type="Node" parent="." index="3"]

[node name="PC" parent="Interactable" index="0" instance=ExtResource( 12 )]

position = Vector2( 496, 263 )
scale = Vector2( 0.546875, 1 )

[node name="CtrlPanel" parent="Interactable" index="1" instance=ExtResource( 12 )]

position = Vector2( 638, 262 )
scale = Vector2( 2.09375, 0.984375 )

[node name="Locker" parent="Interactable" index="2" instance=ExtResource( 12 )]

position = Vector2( 464, 267.5 )
scale = Vector2( 0.53125, 0.671875 )

[node name="Refrigerator" parent="Interactable" index="3" instance=ExtResource( 12 )]

position = Vector2( 335.5, 274 )
scale = Vector2( 0.578125, 1.0625 )

[node name="ServerStack" parent="Interactable" index="4" instance=ExtResource( 12 )]

position = Vector2( 687.5, 374 )
scale = Vector2( 1.01562, 0.46875 )

[node name="Nichole" parent="." index="4" groups=[
"Persist",
] instance=ExtResource( 13 )]

position = Vector2( -312, 143 )

[node name="Servers" type="Node2D" parent="." index="5"]

editor/display_folded = true
_sections_unfolded = [ "Transform" ]

[node name="Sprite3" type="Sprite" parent="Servers" index="0"]

position = Vector2( 688, 368 )
texture = ExtResource( 14 )
region_enabled = true
region_rect = Rect2( 32, 0, 32, 32 )
_sections_unfolded = [ "Region", "Transform" ]

[node name="Sprite4" type="Sprite" parent="Servers" index="1"]

position = Vector2( 656, 368 )
texture = ExtResource( 14 )
region_enabled = true
region_rect = Rect2( 32, 0, 32, 32 )
_sections_unfolded = [ "Region", "Transform" ]

[node name="Entrance" parent="." index="6" instance=ExtResource( 15 )]

position = Vector2( 512, 487 )
effectName = "Fade"
nextScene = "res://Stages/Stage1/corridor.tscn"
nextPos = Vector2( 174, 192 )
direction = "DOWN"

[node name="AnimationPlayer" type="AnimationPlayer" parent="." index="7"]

root_node = NodePath("..")
autoplay = "PCLight"
playback_process_mode = 1
playback_default_blend_time = 0.0
playback_speed = 1.0
anims/PCLight = SubResource( 3 )
blend_times = [  ]

[node name="Fade" parent="." index="8" instance=ExtResource( 16 )]

[node name="ColorRect" parent="Fade" index="0"]

visible = false

[node name="Pause" parent="." index="9" instance=ExtResource( 17 )]


[editable path="Fade"]
