[gd_scene load_steps=4 format=2]

[ext_resource path="res://Stages/Stage2/Sprite/floor-a51.png" type="Texture" id=1]
[ext_resource path="res://Stages/Stage2/Sprite/living-room-tilec1.png" type="Texture" id=2]
[ext_resource path="res://Stages/Stage2/Sprite/2018-08-07.png" type="Texture" id=3]

[node name="Node" type="Node" index="0"]

[node name="0" type="Sprite" parent="." index="0"]

position = Vector2( 64, 64 )
texture = ExtResource( 1 )
region_enabled = true
region_rect = Rect2( 0, 0, 32, 32 )
_sections_unfolded = [ "Region" ]

[node name="1" type="Sprite" parent="." index="1"]

position = Vector2( 128, 64 )
texture = ExtResource( 1 )
region_enabled = true
region_rect = Rect2( 32, 0, 32, 32 )
_sections_unfolded = [ "Region" ]

[node name="2" type="Sprite" parent="." index="2"]

position = Vector2( 192, 64 )
texture = ExtResource( 1 )
region_enabled = true
region_rect = Rect2( 64, 0, 32, 32 )
_sections_unfolded = [ "Region" ]

[node name="3" type="Sprite" parent="." index="3"]

position = Vector2( 256, 64 )
texture = ExtResource( 1 )
region_enabled = true
region_rect = Rect2( 192, 0, 32, 32 )
_sections_unfolded = [ "Region" ]

[node name="4" type="Sprite" parent="." index="4"]

position = Vector2( 320, 64 )
texture = ExtResource( 1 )
region_enabled = true
region_rect = Rect2( 0, 32, 32, 32 )
_sections_unfolded = [ "Region" ]

[node name="5" type="Sprite" parent="." index="5"]

position = Vector2( 64, 128 )
texture = ExtResource( 2 )
region_enabled = true
region_rect = Rect2( 32, 64, 32, 32 )
_sections_unfolded = [ "Region" ]

[node name="6" type="Sprite" parent="." index="6"]

position = Vector2( 96, 128 )
texture = ExtResource( 2 )
region_enabled = true
region_rect = Rect2( 64, 64, 32, 32 )
_sections_unfolded = [ "Region" ]

[node name="7" type="Sprite" parent="." index="7"]

position = Vector2( 128, 128 )
texture = ExtResource( 2 )
region_enabled = true
region_rect = Rect2( 96, 64, 32, 32 )
_sections_unfolded = [ "Region" ]

[node name="8" type="Sprite" parent="." index="8"]

position = Vector2( 64, 160 )
texture = ExtResource( 2 )
region_enabled = true
region_rect = Rect2( 32, 96, 32, 32 )
_sections_unfolded = [ "Region" ]

[node name="9" type="Sprite" parent="." index="9"]

position = Vector2( 96, 160 )
texture = ExtResource( 2 )
region_enabled = true
region_rect = Rect2( 64, 96, 32, 32 )
_sections_unfolded = [ "Region" ]

[node name="10" type="Sprite" parent="." index="10"]

position = Vector2( 128, 160 )
texture = ExtResource( 2 )
region_enabled = true
region_rect = Rect2( 96, 96, 32, 32 )
_sections_unfolded = [ "Region" ]

[node name="11" type="Sprite" parent="." index="11"]

position = Vector2( 192, 128 )
texture = ExtResource( 2 )
region_enabled = true
region_rect = Rect2( 352, 352, 32, 32 )
_sections_unfolded = [ "Region" ]

[node name="12" type="Sprite" parent="." index="12"]

position = Vector2( 224, 128 )
texture = ExtResource( 2 )
region_enabled = true
region_rect = Rect2( 384, 352, 32, 32 )
_sections_unfolded = [ "Region" ]

[node name="13" type="Sprite" parent="." index="13"]

position = Vector2( 192, 160 )
texture = ExtResource( 2 )
region_enabled = true
region_rect = Rect2( 352, 384, 32, 32 )
_sections_unfolded = [ "Region" ]

[node name="14" type="Sprite" parent="." index="14"]

position = Vector2( 224, 160 )
texture = ExtResource( 2 )
region_enabled = true
region_rect = Rect2( 384, 384, 32, 32 )
_sections_unfolded = [ "Region" ]

[node name="15" type="Sprite" parent="." index="15"]

position = Vector2( 288, 128 )
texture = ExtResource( 2 )
region_enabled = true
region_rect = Rect2( 288, 96, 32, 32 )
_sections_unfolded = [ "Region" ]

[node name="17" type="Sprite" parent="." index="16"]

position = Vector2( 288, 128 )
texture = ExtResource( 2 )
region_enabled = true
region_rect = Rect2( 288, 96, 32, 32 )
_sections_unfolded = [ "Region" ]

[node name="16" type="Sprite" parent="." index="17"]

position = Vector2( 320, 128 )
texture = ExtResource( 2 )
region_enabled = true
region_rect = Rect2( 320, 96, 32, 32 )
_sections_unfolded = [ "Region" ]

[node name="18" type="Sprite" parent="." index="18"]

position = Vector2( 288, 160 )
texture = ExtResource( 2 )
region_enabled = true
region_rect = Rect2( 288, 128, 32, 32 )
_sections_unfolded = [ "Region" ]

[node name="20" type="Sprite" parent="." index="19"]

position = Vector2( 288, 192 )
texture = ExtResource( 2 )
region_enabled = true
region_rect = Rect2( 288, 160, 32, 32 )
_sections_unfolded = [ "Region" ]

[node name="30" type="Sprite" parent="." index="20"]

position = Vector2( 320, 192 )
texture = ExtResource( 2 )
region_enabled = true
region_rect = Rect2( 320, 160, 32, 32 )
_sections_unfolded = [ "Region" ]

[node name="31" type="Sprite" parent="." index="21"]

position = Vector2( 48, 208 )
texture = ExtResource( 2 )
region_enabled = true
region_rect = Rect2( 96, 320, 32, 32 )
_sections_unfolded = [ "Region" ]

[node name="32" type="Sprite" parent="." index="22"]

position = Vector2( 48, 240 )
texture = ExtResource( 2 )
region_enabled = true
region_rect = Rect2( 96, 352, 32, 32 )
_sections_unfolded = [ "Region" ]

[node name="33" type="Sprite" parent="." index="23"]

position = Vector2( 112, 208 )
texture = ExtResource( 2 )
region_enabled = true
region_rect = Rect2( 0, 288, 32, 32 )
_sections_unfolded = [ "Region" ]

[node name="34" type="Sprite" parent="." index="24"]

position = Vector2( 112, 240 )
texture = ExtResource( 2 )
region_enabled = true
region_rect = Rect2( 0, 320, 32, 32 )
_sections_unfolded = [ "Region" ]

[node name="35" type="Sprite" parent="." index="25"]

position = Vector2( 48, 304 )
texture = ExtResource( 2 )
region_enabled = true
region_rect = Rect2( 320, 0, 32, 32 )
_sections_unfolded = [ "Region" ]

[node name="36" type="Sprite" parent="." index="26"]

position = Vector2( 48, 336 )
texture = ExtResource( 2 )
region_enabled = true
region_rect = Rect2( 320, 32, 32, 32 )
_sections_unfolded = [ "Region" ]

[node name="37" type="Sprite" parent="." index="27"]

position = Vector2( 48, 368 )
texture = ExtResource( 2 )
region_enabled = true
region_rect = Rect2( 320, 64, 32, 32 )
_sections_unfolded = [ "Region" ]

[node name="38" type="Sprite" parent="." index="28"]

position = Vector2( 176, 368 )
texture = ExtResource( 2 )
region_enabled = true
region_rect = Rect2( 192, 192, 32, 32 )
_sections_unfolded = [ "Region" ]

[node name="19" type="Sprite" parent="." index="29"]

position = Vector2( 320, 160 )
texture = ExtResource( 2 )
region_enabled = true
region_rect = Rect2( 320, 128, 32, 32 )
_sections_unfolded = [ "Region" ]

[node name="25" type="Sprite" parent="." index="30"]

position = Vector2( 240, 272 )
texture = ExtResource( 3 )
region_enabled = true
region_rect = Rect2( 64, 416, 32, 32 )
_sections_unfolded = [ "Region" ]

[node name="26" type="Sprite" parent="." index="31"]

position = Vector2( 240, 304 )
texture = ExtResource( 3 )
region_enabled = true
region_rect = Rect2( 64, 448, 32, 32 )
_sections_unfolded = [ "Region" ]

[node name="27" type="Sprite" parent="." index="32"]

position = Vector2( 240, 336 )
texture = ExtResource( 3 )
region_enabled = true
region_rect = Rect2( 64, 480, 32, 32 )
_sections_unfolded = [ "Region" ]

[node name="28" type="Sprite" parent="." index="33"]

position = Vector2( 304, 272 )
texture = ExtResource( 3 )
region_enabled = true
region_rect = Rect2( 352, 96, 32, 32 )
_sections_unfolded = [ "Region" ]

[node name="29" type="Sprite" parent="." index="34"]

position = Vector2( 304, 304 )
texture = ExtResource( 3 )
region_enabled = true
region_rect = Rect2( 352, 128, 32, 32 )
_sections_unfolded = [ "Region" ]


