[gd_scene load_steps=8 format=2]

[ext_resource path="res://Stages/Stage1/Tileset/laptop.png" type="Texture" id=1]
[ext_resource path="res://Stages/Stage1/Tileset/tiles1.png" type="Texture" id=2]
[ext_resource path="res://Stages/Stage1/Tileset/compute.png" type="Texture" id=3]
[ext_resource path="res://Stages/Stage1/Tileset/free_graphics_school_horror_2_by_nicnubill-d7spfd9.png" type="Texture" id=4]
[ext_resource path="res://Stages/Stage1/Tileset/building_inner-tileg.png" type="Texture" id=5]
[ext_resource path="res://Stages/Stage1/Tileset/weak-update.png" type="Texture" id=6]
[ext_resource path="res://Stages/Stage1/Tileset/shop-and-hospital2.png" type="Texture" id=7]

[node name="Node" type="Node"]

[node name="0" type="Sprite" parent="." index="0"]

position = Vector2( 28, 76 )
texture = ExtResource( 1 )
region_enabled = true
region_rect = Rect2( 32, 0, 32, 32 )
_sections_unfolded = [ "Region" ]

[node name="1" type="Sprite" parent="." index="1"]

position = Vector2( 86, 72 )
texture = ExtResource( 1 )
region_enabled = true
region_rect = Rect2( 64, 0, 32, 32 )
_sections_unfolded = [ "Region" ]

[node name="2" type="Sprite" parent="." index="2"]

position = Vector2( 198, 136 )
texture = ExtResource( 1 )
region_enabled = true
region_rect = Rect2( 0, 32, 32, 32 )
_sections_unfolded = [ "Region" ]

[node name="3" type="Sprite" parent="." index="3"]

position = Vector2( 118, 184 )
texture = ExtResource( 1 )
region_enabled = true
region_rect = Rect2( 0, 0, 32, 32 )
_sections_unfolded = [ "Region" ]

[node name="4" type="Sprite" parent="." index="4"]

position = Vector2( 183, 205 )
texture = ExtResource( 1 )
region_enabled = true
region_rect = Rect2( 32, 32, 32, 32 )
_sections_unfolded = [ "Region" ]

[node name="29" type="Sprite" parent="." index="5"]

position = Vector2( 160, 288 )
texture = ExtResource( 2 )
region_enabled = true
region_rect = Rect2( 0, 192, 40, 35 )
_sections_unfolded = [ "Region" ]

[node name="5" type="Sprite" parent="." index="6"]

position = Vector2( 212, 255 )
texture = ExtResource( 1 )
region_enabled = true
region_rect = Rect2( 64, 32, 32, 32 )
_sections_unfolded = [ "Region" ]

[node name="6" type="Sprite" parent="." index="7"]

position = Vector2( 339, 203 )
texture = ExtResource( 1 )
region_enabled = true
region_rect = Rect2( 32, 64, 32, 32 )
_sections_unfolded = [ "Region" ]

[node name="7" type="Sprite" parent="." index="8"]

position = Vector2( 339, 203 )
texture = ExtResource( 1 )
region_enabled = true
region_rect = Rect2( 64, 64, 32, 32 )
_sections_unfolded = [ "Region" ]

[node name="8" type="Sprite" parent="." index="9"]

position = Vector2( 288, 124 )
texture = ExtResource( 1 )
region_enabled = true
region_rect = Rect2( 64, 96, 32, 32 )
_sections_unfolded = [ "Region" ]

[node name="9" type="Sprite" parent="." index="10"]

position = Vector2( 371, 117 )
texture = ExtResource( 1 )
region_enabled = true
region_rect = Rect2( 32, 96, 32, 32 )
_sections_unfolded = [ "Region" ]

[node name="10" type="Sprite" parent="." index="11"]

position = Vector2( 156, 68 )
texture = ExtResource( 3 )
region_enabled = true
region_rect = Rect2( 0, 0, 32, 32 )
_sections_unfolded = [ "Region" ]

[node name="11" type="Sprite" parent="." index="12"]

position = Vector2( 208, 67 )
texture = ExtResource( 3 )
region_enabled = true
region_rect = Rect2( 32, 0, 32, 32 )
_sections_unfolded = [ "Region" ]

[node name="12" type="Sprite" parent="." index="13"]

position = Vector2( 44, 136 )
texture = ExtResource( 3 )
region_enabled = true
region_rect = Rect2( 0, 32, 32, 32 )
_sections_unfolded = [ "Region" ]

[node name="13" type="Sprite" parent="." index="14"]

position = Vector2( 101, 141 )
texture = ExtResource( 3 )
region_enabled = true
region_rect = Rect2( 32, 0, 32, 64 )
_sections_unfolded = [ "Region" ]

[node name="14" type="Sprite" parent="." index="15"]

position = Vector2( 79, 286 )
texture = ExtResource( 2 )
region_enabled = true
region_rect = Rect2( 448, 448, 64, 64 )
_sections_unfolded = [ "Region" ]

[node name="15" type="Sprite" parent="." index="16"]

position = Vector2( 230, 315 )
texture = ExtResource( 2 )
region_enabled = true
region_rect = Rect2( 480, 384, 32, 64 )
_sections_unfolded = [ "Region" ]

[node name="16" type="Sprite" parent="." index="17"]

position = Vector2( 304, 313 )
texture = ExtResource( 2 )
region_enabled = true
region_rect = Rect2( 448, 288, 32, 96 )
_sections_unfolded = [ "Region" ]

[node name="17" type="Sprite" parent="." index="18"]

position = Vector2( 384, 309 )
texture = ExtResource( 2 )
region_enabled = true
region_rect = Rect2( 480, 288, 32, 96 )
_sections_unfolded = [ "Region" ]

[node name="18" type="Sprite" parent="." index="19"]

position = Vector2( 151, 372 )
texture = ExtResource( 2 )
region_enabled = true
region_rect = Rect2( 96, 416, 32, 32 )
_sections_unfolded = [ "Region" ]

[node name="19" type="Sprite" parent="." index="20"]

position = Vector2( 66, 361 )
texture = ExtResource( 2 )
region_enabled = true
region_rect = Rect2( 96, 320, 64, 32 )
_sections_unfolded = [ "Region" ]

[node name="20" type="Sprite" parent="." index="21"]

position = Vector2( 356, 400 )
texture = ExtResource( 2 )
region_enabled = true
region_rect = Rect2( 0, 320, 32, 64 )
_sections_unfolded = [ "Region" ]

[node name="32" type="Sprite" parent="." index="22"]

position = Vector2( 192, 432 )
texture = ExtResource( 4 )
region_enabled = true
region_rect = Rect2( 448, 480, 32, 32 )
_sections_unfolded = [ "Region" ]

[node name="33" type="Sprite" parent="." index="23"]

position = Vector2( 112, 432 )
texture = ExtResource( 5 )
region_enabled = true
region_rect = Rect2( 32, 64, 32, 64 )
_sections_unfolded = [ "Region" ]

[node name="36" type="Sprite" parent="." index="24"]

position = Vector2( 160, 432 )
texture = ExtResource( 6 )
region_enabled = true
region_rect = Rect2( 64, 96, 128, 96 )
_sections_unfolded = [ "Region" ]

[node name="37" type="Sprite" parent="." index="25"]

position = Vector2( 432, 480 )
texture = ExtResource( 2 )
region_enabled = true
region_rect = Rect2( 256, 192, 32, 64 )
_sections_unfolded = [ "Region" ]

[node name="34" type="Sprite" parent="." index="26"]

position = Vector2( 48, 432 )
texture = ExtResource( 7 )
region_enabled = true
region_rect = Rect2( 192, 128, 32, 32 )
_sections_unfolded = [ "Region" ]

[node name="35" type="Sprite" parent="." index="27"]

position = Vector2( 48, 384 )
texture = ExtResource( 7 )
region_enabled = true
region_rect = Rect2( 224, 128, 32, 32 )
_sections_unfolded = [ "Region" ]

[node name="30" type="Sprite" parent="." index="28"]

position = Vector2( 272, 416 )
texture = ExtResource( 2 )
region_enabled = true
region_rect = Rect2( 320, 32, 32, 32 )
_sections_unfolded = [ "Region" ]

[node name="31" type="Sprite" parent="." index="29"]

position = Vector2( 272, 448 )
texture = ExtResource( 2 )
region_enabled = true
region_rect = Rect2( 288, 96, 32, 32 )
_sections_unfolded = [ "Region" ]

[node name="21" type="Sprite" parent="." index="30"]

position = Vector2( 475, 355 )
texture = ExtResource( 2 )
region_enabled = true
region_rect = Rect2( 256, 64, 32, 64 )
_sections_unfolded = [ "Region" ]

[node name="26" type="Sprite" parent="." index="31"]

position = Vector2( 596, 379 )
texture = ExtResource( 2 )
region_enabled = true
region_rect = Rect2( 320, 128, 32, 64 )
_sections_unfolded = [ "Region" ]

[node name="27" type="Sprite" parent="." index="32"]

position = Vector2( 536, 394 )
texture = ExtResource( 2 )
region_enabled = true
region_rect = Rect2( 288, 128, 32, 64 )
_sections_unfolded = [ "Region" ]

[node name="22" type="Sprite" parent="." index="33"]

position = Vector2( 456, 229 )
texture = ExtResource( 2 )
region_enabled = true
region_rect = Rect2( 288, 96, 32, 32 )
_sections_unfolded = [ "Region" ]

[node name="28" type="Sprite" parent="." index="34"]

position = Vector2( 416, 224 )
texture = ExtResource( 2 )
region_enabled = true
region_rect = Rect2( 352, 96, 32, 32 )
_sections_unfolded = [ "Region" ]

[node name="23" type="Sprite" parent="." index="35"]

position = Vector2( 464, 123 )
texture = ExtResource( 2 )
region_enabled = true
region_rect = Rect2( 320, 64, 32, 32 )
_sections_unfolded = [ "Region" ]

[node name="24" type="Sprite" parent="." index="36"]

position = Vector2( 571, 222 )
texture = ExtResource( 2 )
region_enabled = true
region_rect = Rect2( 320, 96, 32, 32 )
_sections_unfolded = [ "Region" ]

[node name="25" type="Sprite" parent="." index="37"]

position = Vector2( 540, 301 )
texture = ExtResource( 2 )
region_enabled = true
region_rect = Rect2( 288, 64, 32, 32 )
_sections_unfolded = [ "Region" ]


